<record><leader>00000cas a22000007a 4500</leader><controlfield tag="001">19682127</controlfield><controlfield tag="008">890509c198u9999txuir ne      0   a0eng d</controlfield><datafield ind1=" " ind2=" " tag="010"><subfield code="a">sn 89000039 </subfield></datafield><datafield ind1=" " ind2=" " tag="040"><subfield code="a">NSD</subfield><subfield code="b">eng</subfield><subfield code="c">NSD</subfield><subfield code="d">OCLCQ</subfield></datafield><datafield ind1=" " ind2=" " tag="012"><subfield code="j">1</subfield><subfield code="k">1</subfield><subfield code="m">y</subfield></datafield><datafield ind1="1" ind2=" " tag="022"><subfield code="a">1044-0097</subfield><subfield code="l">1044-0097</subfield><subfield code="y">0746-7524</subfield><subfield code="2">1</subfield></datafield><datafield ind1=" " ind2=" " tag="032"><subfield code="a">225660</subfield><subfield code="b">USPS</subfield></datafield><datafield ind1=" " ind2=" " tag="037"><subfield code="b">Grand Prairie News, 1000 Ave., H East, Arlington, TX 76011</subfield></datafield><datafield ind1=" " ind2=" " tag="042"><subfield code="a">nsdp</subfield><subfield code="a">msc</subfield></datafield><datafield ind1="0" ind2=" " tag="130"><subfield code="a">Grand Prairie news (Grand Prairie, Tex.)</subfield></datafield><datafield ind1=" " ind2="0" tag="222"><subfield code="a">Grand Prairie news</subfield><subfield code="b">(Grand Prairie, Tex.)</subfield></datafield><datafield ind1="1" ind2="0" tag="245"><subfield code="a">Grand Prairie news.</subfield></datafield><datafield ind1=" " ind2=" " tag="260"><subfield code="a">Grand Prairie, Tex. :</subfield><subfield code="b">Dallas-Fort-Worth Suburban Newspapers, Inc.</subfield></datafield><datafield ind1=" " ind2=" " tag="300"><subfield code="a">v.</subfield></datafield><datafield ind1=" " ind2=" " tag="310"><subfield code="a">Three times a week (Thur. Fri., and Sun.),</subfield><subfield code="b">&lt;Oct. 4-5-6, 1990-&gt;</subfield></datafield><datafield ind1=" " ind2=" " tag="321"><subfield code="a">Daily (except Monday, Xmas and New Years),</subfield><subfield code="b">198 -1989</subfield></datafield><datafield ind1=" " ind2=" " tag="321"><subfield code="a">Four times a week (Wed., Thur. Sat., and Sun.),</subfield><subfield code="b">&lt;July 1, 1989-&gt;</subfield></datafield><datafield ind1=" " ind2=" " tag="588"><subfield code="a">Description based on: Vol. 81, no. 84 (Apr. 9, 1989).</subfield></datafield><datafield ind1=" " ind2=" " tag="588"><subfield code="a">Latest issue consulted: Vol. 82, no. 157 (Oct. 4-5-6, 1990).</subfield></datafield><datafield ind1=" " ind2=" " tag="752"><subfield code="a">United States</subfield><subfield code="b">Texas</subfield><subfield code="c">Dallas</subfield><subfield code="d">Grand Prairie.</subfield></datafield><datafield ind1=" " ind2=" " tag="752"><subfield code="a">United States</subfield><subfield code="b">Texas</subfield><subfield code="c">Tarrant</subfield><subfield code="d">Grand Prairie.</subfield></datafield><datafield ind1="0" ind2="0" tag="780"><subfield code="t">Grand Prairie daily news</subfield><subfield code="x">0746-7524</subfield><subfield code="w">(DLC)sn 83005984</subfield><subfield code="w">(OCoLC)10253661</subfield></datafield></record>